<?xml version="1.0" encoding="UTF-8"?><collection xmlns="http://www.loc.gov/MARC21/slim"><record><leader>00440nam--2200145-i-4500</leader><controlfield tag="001">000010757</controlfield><controlfield tag="002">20161230</controlfield><controlfield tag="005">20161230201028</controlfield><controlfield tag="008">060222s1000------------r-----000-0-eng-d</controlfield><datafield ind1=" " ind2=" " tag="080"><subfield code="a">621.O39.58(047.1)</subfield></datafield><datafield ind1=" " ind2=" " tag="100"><subfield code="a">Guerrini,B./S.A.</subfield></datafield><datafield ind1=" " ind2=" " tag="245"><subfield code="a">Abbattimento dello iodio per spruzzamento: esperienze condotte utilizzando l apparec- chiatura psico lo</subfield></datafield><datafield ind1=" " ind2=" " tag="260"><subfield code="a">Pisa, Tipografia Editrice Pisana,1972 189p</subfield></datafield><datafield ind1=" " ind2=" " tag="490"><subfield code="a">112/72</subfield></datafield><datafield ind1=" " ind2=" " tag="852"><subfield code="a">13841</subfield></datafield></record></collection>